%YAML 1.1
%TAG !u! tag:unity3d.com,2011:
--- !u!243 &-8477917963570769841
AudioMixerGroupController:
  m_ObjectHideFlags: 0
  m_CorrespondingSourceObject: {fileID: 0}
  m_PrefabInstance: {fileID: 0}
  m_PrefabAsset: {fileID: 0}
  m_Name: SFX
  m_AudioMixer: {fileID: 24100000}
  m_GroupID: 76e79c25c3e90ed4990365929517c61f
  m_Children: []
  m_Volume: d29e81dac65aca1449cad65b3e3f3685
  m_Pitch: 923862b7198035d408443df4e12db518
  m_Send: 00000000000000000000000000000000
  m_Effects:
  - {fileID: 2518696678324675665}
  m_UserColorIndex: 0
  m_Mute: 0
  m_Solo: 0
  m_BypassEffects: 0
--- !u!243 &-6989339557826211908
AudioMixerGroupController:
  m_ObjectHideFlags: 0
  m_CorrespondingSourceObject: {fileID: 0}
  m_PrefabInstance: {fileID: 0}
  m_PrefabAsset: {fileID: 0}
  m_Name: MUSIC
  m_AudioMixer: {fileID: 24100000}
  m_GroupID: 190e46064ac4c624e8855089fe15de42
  m_Children: []
  m_Volume: c9440da911880af4cba67602cc6b5dd2
  m_Pitch: 209cb6d853daee94486f0771ff9610e0
  m_Send: 00000000000000000000000000000000
  m_Effects:
  - {fileID: 4931678036225833263}
  m_UserColorIndex: 0
  m_Mute: 0
  m_Solo: 0
  m_BypassEffects: 0
--- !u!241 &24100000
AudioMixerController:
  m_ObjectHideFlags: 0
  m_CorrespondingSourceObject: {fileID: 0}
  m_PrefabInstance: {fileID: 0}
  m_PrefabAsset: {fileID: 0}
  m_Name: Main
  m_OutputGroup: {fileID: 0}
  m_MasterGroup: {fileID: 24300002}
  m_Snapshots:
  - {fileID: 24500006}
  m_StartSnapshot: {fileID: 24500006}
  m_SuspendThreshold: -80
  m_EnableSuspend: 1
  m_UpdateMode: 0
  m_ExposedParameters: []
  m_AudioMixerGroupViews:
  - guids:
    - 061fe28a8a9df0e4fbf927c81572cea9
    - 76e79c25c3e90ed4990365929517c61f
    - 190e46064ac4c624e8855089fe15de42
    - 4365bafbb48df28428c30633d5464bfd
    name: View
  m_CurrentViewIndex: 0
  m_TargetSnapshot: {fileID: 24500006}
--- !u!243 &24300002
AudioMixerGroupController:
  m_ObjectHideFlags: 0
  m_CorrespondingSourceObject: {fileID: 0}
  m_PrefabInstance: {fileID: 0}
  m_PrefabAsset: {fileID: 0}
  m_Name: Master
  m_AudioMixer: {fileID: 24100000}
  m_GroupID: 061fe28a8a9df0e4fbf927c81572cea9
  m_Children:
  - {fileID: -6989339557826211908}
  - {fileID: -8477917963570769841}
  - {fileID: 5773362886102859895}
  m_Volume: 98ff0046246c6a540abe5e00782f38a9
  m_Pitch: 9da6b6dfa4006974eb51f816693873a4
  m_Send: 00000000000000000000000000000000
  m_Effects:
  - {fileID: 24400004}
  m_UserColorIndex: 0
  m_Mute: 0
  m_Solo: 0
  m_BypassEffects: 0
--- !u!244 &24400004
AudioMixerEffectController:
  m_ObjectHideFlags: 3
  m_CorrespondingSourceObject: {fileID: 0}
  m_PrefabInstance: {fileID: 0}
  m_PrefabAsset: {fileID: 0}
  m_Name: 
  m_EffectID: a0a12b443021c1f45a5dd9abbe7fd4f3
  m_EffectName: Attenuation
  m_MixLevel: ce4a47e6816b96a418dbd43e6c3d6a45
  m_Parameters: []
  m_SendTarget: {fileID: 0}
  m_EnableWetMix: 0
  m_Bypass: 0
--- !u!245 &24500006
AudioMixerSnapshotController:
  m_ObjectHideFlags: 0
  m_CorrespondingSourceObject: {fileID: 0}
  m_PrefabInstance: {fileID: 0}
  m_PrefabAsset: {fileID: 0}
  m_Name: Snapshot
  m_AudioMixer: {fileID: 24100000}
  m_SnapshotID: 2f35de90f2e214842822863da8d53521
  m_FloatValues:
    49bdf7f0ee2179944b8fd6f1960d147a: 0.04171297
    c9440da911880af4cba67602cc6b5dd2: 0
    d29e81dac65aca1449cad65b3e3f3685: -4.197359
  m_TransitionOverrides: {}
--- !u!244 &1941340688451836371
AudioMixerEffectController:
  m_ObjectHideFlags: 3
  m_CorrespondingSourceObject: {fileID: 0}
  m_PrefabInstance: {fileID: 0}
  m_PrefabAsset: {fileID: 0}
  m_Name: 
  m_EffectID: e49a31ecfb601f641924aaf91b58ff44
  m_EffectName: SFX Reverb
  m_MixLevel: 9280072e9ec03ec4096b7582aeb91503
  m_Parameters:
  - m_ParameterName: Dry Level
    m_GUID: e574a02edcfa33d4198a1717e455ab9f
  - m_ParameterName: Room
    m_GUID: 5f92df16bb6b7e44b97a54d8958be8a9
  - m_ParameterName: Room HF
    m_GUID: ac45e362459e8b84eb152d5cdc1e3351
  - m_ParameterName: Decay Time
    m_GUID: ffc2045cb1297ec4eb48db3fb0300c84
  - m_ParameterName: Decay HF Ratio
    m_GUID: babb64c264254f041880a5ec4d50f151
  - m_ParameterName: Reflections
    m_GUID: 4bdaed64220bb1644ba196ff8337750e
  - m_ParameterName: Reflect Delay
    m_GUID: fa1af456b18e5ff4d972941571b1cec6
  - m_ParameterName: Reverb
    m_GUID: 3cdc2b9de299e0d4ea201fed224daddc
  - m_ParameterName: Reverb Delay
    m_GUID: 3aff48f09417d9c4a86d337a6bb6838d
  - m_ParameterName: Diffusion
    m_GUID: ce905a5be9ef39d4cb6288beeb4653c8
  - m_ParameterName: Density
    m_GUID: a24bb8a261d51e142b89764186de1777
  - m_ParameterName: HF Reference
    m_GUID: 3c8dbbe6fd97be646b8a8e985afcdd60
  - m_ParameterName: Room LF
    m_GUID: 19f5c486dc15b81449f5e4f87a2fc28e
  - m_ParameterName: LF Reference
    m_GUID: 0c237d140b326f7478a21172fe51db8a
  m_SendTarget: {fileID: 0}
  m_EnableWetMix: 0
  m_Bypass: 0
--- !u!244 &2518696678324675665
AudioMixerEffectController:
  m_ObjectHideFlags: 3
  m_CorrespondingSourceObject: {fileID: 0}
  m_PrefabInstance: {fileID: 0}
  m_PrefabAsset: {fileID: 0}
  m_Name: 
  m_EffectID: f0885bd1293510d4dad7a0f7af651f06
  m_EffectName: Attenuation
  m_MixLevel: 7b21a83b631147640a419560f8ab84c6
  m_Parameters: []
  m_SendTarget: {fileID: 0}
  m_EnableWetMix: 0
  m_Bypass: 0
--- !u!244 &4931678036225833263
AudioMixerEffectController:
  m_ObjectHideFlags: 3
  m_CorrespondingSourceObject: {fileID: 0}
  m_PrefabInstance: {fileID: 0}
  m_PrefabAsset: {fileID: 0}
  m_Name: 
  m_EffectID: 98d74922acfdc604a800f81cf7f98f8c
  m_EffectName: Attenuation
  m_MixLevel: f194c37f3e2bd20438c0bf2fb503f498
  m_Parameters: []
  m_SendTarget: {fileID: 0}
  m_EnableWetMix: 0
  m_Bypass: 0
--- !u!243 &5773362886102859895
AudioMixerGroupController:
  m_ObjectHideFlags: 0
  m_CorrespondingSourceObject: {fileID: 0}
  m_PrefabInstance: {fileID: 0}
  m_PrefabAsset: {fileID: 0}
  m_Name: VOICE
  m_AudioMixer: {fileID: 24100000}
  m_GroupID: 4365bafbb48df28428c30633d5464bfd
  m_Children: []
  m_Volume: 49bdf7f0ee2179944b8fd6f1960d147a
  m_Pitch: 01ea198c23b02c843b84c916004b0296
  m_Send: 00000000000000000000000000000000
  m_Effects:
  - {fileID: 7443127293816049117}
  - {fileID: 1941340688451836371}
  m_UserColorIndex: 0
  m_Mute: 0
  m_Solo: 0
  m_BypassEffects: 0
--- !u!244 &7443127293816049117
AudioMixerEffectController:
  m_ObjectHideFlags: 3
  m_CorrespondingSourceObject: {fileID: 0}
  m_PrefabInstance: {fileID: 0}
  m_PrefabAsset: {fileID: 0}
  m_Name: 
  m_EffectID: 267dd1ff8917cf443b8a416626958a16
  m_EffectName: Attenuation
  m_MixLevel: 02129003f4e664c4997431808c767ee6
  m_Parameters: []
  m_SendTarget: {fileID: 0}
  m_EnableWetMix: 0
  m_Bypass: 0
